@article{BECanalogy,
  title={Condensation versus ordering: From the spherical models to Bose-Einstein condensation in the canonical and grand canonical ensemble},
  author={Crisanti, A and Sarracino, A and Zannetti, M},
  journal={Physical Review Research},
  volume={1},
  number={2},
  pages={023022},
  year={2019},
  publisher={APS}
}


@article{Foundational,
  title={The spherical model of a ferromagnet},
  author={Berlin, Theodore H and Kac, Mark},
  journal={Physical Review},
  volume={86},
  number={6},
  pages={821},
  year={1952},
  publisher={APS}
}


@article{finitethickness,
  title={Critical phenomena in systems of finite thickness I. The spherical model},
  author={Barber, Michael N and Fisher, Michael E},
  journal={Annals of physics},
  volume={77},
  number={1-2},
  pages={1--78},
  year={1973},
  publisher={Elsevier}
}

